@article{speechcommandsv2,
   author = { {Warden}, P.},
    title = "{Speech Commands: A Dataset for Limited-Vocabulary Speech Recognition}",
  journal = {ArXiv e-prints},
  archivePrefix = "arXiv",
  eprint = {1804.03209},
  primaryClass = "cs.CL",
  keywords = {Computer Science - Computation and Language, Computer Science - Human-Computer Interaction},
    year = 2018,
    month = apr,
    url = {https://arxiv.org/abs/1804.03209},
}

@misc{simonyan2014deep,
    title={Very Deep Convolutional Networks for Large-Scale Image Recognition},
    author={Karen Simonyan and Andrew Zisserman},
    year={2014},
    eprint={1409.1556},
    archivePrefix={arXiv},
    primaryClass={cs.CV}
}

@misc{he2015deep,
    title={Deep Residual Learning for Image Recognition},
    author={Kaiming He and Xiangyu Zhang and Shaoqing Ren and Jian Sun},
    year={2015},
    eprint={1512.03385},
    archivePrefix={arXiv},
    primaryClass={cs.CV}
}

@inproceedings{ganchev2005comparative,
  title={Comparative evaluation of various MFCC implementations on the speaker verification task},
  author={Ganchev, Todor and Fakotakis, Nikos and Kokkinakis, George},
  booktitle={Proceedings of the SPECOM},
  volume={1},
  number={2005},
  pages={191--194},
  year={2005}
}

@misc{ioffe2015batch,
    title={Batch Normalization: Accelerating Deep Network Training by Reducing Internal Covariate Shift},
    author={Sergey Ioffe and Christian Szegedy},
    year={2015},
    eprint={1502.03167},
    archivePrefix={arXiv},
    primaryClass={cs.LG}
}